{
  "leader": "02430cam a2200469Ii 4500",
  "fields": [
    {
      "001": "ocm00552847\\"
    },
    {
      "003": "OCoLC"
    },
    {
      "005": "20220301114748.0"
    },
    {
      "008": "730206s1965\\\\\\\\enkb\\\\\\\\\\b\\\\\\\\000\\0\\eng\\\\"
    },
    {
      "010": {
        "ind1": "\\",
        "ind2": "\\",
        "subfields": [
          {
            "a": "   66001568 "
          }
        ]
      }
    },
    {
      "040": {
        "ind1": "\\",
        "ind2": "\\",
        "subfields": [
          {
            "a": "DLC"
          },
          {
            "b": "eng"
          },
          {
            "c": "KSU"
          },
          {
            "d": "OCL"
          },
          {
            "d": "SER"
          },
          {
            "d": "UKM"
          },
          {
            "d": "B2Q"
          },
          {
            "d": "OCLCQ"
          },
          {
            "d": "BUF"
          },
          {
            "d": "OCLCQ"
          },
          {
            "d": "NLGGC"
          },
          {
            "d": "OCLCG"
          },
          {
            "d": "STF"
          },
          {
            "d": "MTG"
          },
          {
            "d": "TOZ"
          },
          {
            "d": "NIALS"
          },
          {
            "d": "DEBBG"
          },
          {
            "d": "GBVCP"
          },
          {
            "d": "OCLCF"
          },
          {
            "d": "OCLCQ"
          },
          {
            "d": "FHL"
          },
          {
            "d": "OCLCO"
          },
          {
            "d": "OCLCQ"
          },
          {
            "d": "CSJ"
          },
          {
            "d": "NLC"
          },
          {
            "d": "OCLCO"
          },
          {
            "d": "OCLCQ"
          },
          {
            "d": "XFF"
          },
          {
            "d": "CPO"
          },
          {
            "d": "OCLCO"
          },
          {
            "d": "CSA"
          },
          {
            "d": "OCLCQ"
          },
          {
            "d": "OCLCO"
          },
          {
            "d": "OCLCA"
          },
          {
            "d": "UWO"
          },
          {
            "d": "DCHUA"
          },
          {
            "d": "OCLCO"
          },
          {
            "d": "OCLCA"
          },
          {
            "d": "OCLCQ"
          },
          {
            "d": "OCLCO"
          },
          {
            "d": "MUO"
          },
          {
            "d": "OCLCO"
          },
          {
            "d": "L2U"
          },
          {
            "d": "OCLCO"
          },
          {
            "d": "UWK"
          },
          {
            "d": "OCL"
          },
          {
            "d": "OCLCO"
          },
          {
            "d": "CFI"
          },
          {
            "d": "OCLCO"
          },
          {
            "d": "XQM"
          },
          {
            "d": "ZD0"
          },
          {
            "d": "OCLCO"
          }
        ]
      }
    },
    {
      "016": {
        "ind1": "\\",
        "ind2": "\\",
        "subfields": [
          {
            "a": "(AMICUS)000009061639"
          }
        ]
      }
    },
    {
      "019": {
        "ind1": "\\",
        "ind2": "\\",
        "subfields": [
          {
            "a": "3029707"
          },
          {
            "a": "315243466"
          },
          {
            "a": "504907721"
          },
          {
            "a": "1135033558"
          },
          {
            "a": "1145266384"
          },
          {
            "a": "1152693235"
          },
          {
            "a": "1153236265"
          },
          {
            "a": "1166217564"
          },
          {
            "a": "1166521104"
          },
          {
            "a": "1201611364"
          },
          {
            "a": "1201629808"
          },
          {
            "a": "1201875262"
          },
          {
            "a": "1224896146"
          },
          {
            "a": "1231488067"
          },
          {
            "a": "1271975430"
          },
          {
            "a": "1284199041"
          }
        ]
      }
    },
    {
      "020": {
        "ind1": "\\",
        "ind2": "\\",
        "subfields": [
          {
            "a": "0198181183"
          }
        ]
      }
    },
    {
      "020": {
        "ind1": "\\",
        "ind2": "\\",
        "subfields": [
          {
            "a": "9780198181187"
          }
        ]
      }
    },
    {
      "024": {
        "ind1": "7",
        "ind2": "\\",
        "subfields": [
          {
            "a": "http://catalogue.bnf.fr/ark:/12148/cb33189179b"
          },
          {
            "2": "uri"
          }
        ]
      }
    },
    {
      "035": {
        "ind1": "\\",
        "ind2": "\\",
        "subfields": [
          {
            "a": "(OCoLC)552847"
          },
          {
            "z": "(OCoLC)3029707"
          },
          {
            "z": "(OCoLC)315243466"
          },
          {
            "z": "(OCoLC)504907721"
          },
          {
            "z": "(OCoLC)1135033558"
          },
          {
            "z": "(OCoLC)1145266384"
          },
          {
            "z": "(OCoLC)1152693235"
          },
          {
            "z": "(OCoLC)1153236265"
          },
          {
            "z": "(OCoLC)1166217564"
          },
          {
            "z": "(OCoLC)1166521104"
          },
          {
            "z": "(OCoLC)1201611364"
          },
          {
            "z": "(OCoLC)1201629808"
          },
          {
            "z": "(OCoLC)1201875262"
          },
          {
            "z": "(OCoLC)1224896146"
          },
          {
            "z": "(OCoLC)1231488067"
          },
          {
            "z": "(OCoLC)1271975430"
          },
          {
            "z": "(OCoLC)1284199041"
          }
        ]
      }
    },
    {
      "043": {
        "ind1": "\\",
        "ind2": "\\",
        "subfields": [
          {
            "a": "po-----"
          }
        ]
      }
    },
    {
      "050": {
        "ind1": "0",
        "ind2": "0",
        "subfields": [
          {
            "a": "Z4501"
          },
          {
            "b": ".T3 1965"
          }
        ]
      }
    },
    {
      "050": {
        "ind1": "\\",
        "ind2": "4",
        "subfields": [
          {
            "a": "DU28.Z99"
          },
          {
            "b": "T3 1965"
          }
        ]
      }
    },
    {
      "072": {
        "ind1": "\\",
        "ind2": "7",
        "subfields": [
          {
            "a": "bt"
          },
          {
            "2": "rero"
          }
        ]
      }
    },
    {
      "072": {
        "ind1": "\\",
        "ind2": "7",
        "subfields": [
          {
            "a": "et"
          },
          {
            "2": "SzZuIDS BS/BE"
          }
        ]
      }
    },
    {
      "072": {
        "ind1": "\\",
        "ind2": "7",
        "subfields": [
          {
            "a": "0"
          },
          {
            "2": "IDS LU"
          }
        ]
      }
    },
    {
      "072": {
        "ind1": "\\",
        "ind2": "7",
        "subfields": [
          {
            "a": "et"
          }
        ]
      }
    },
    {
      "082": {
        "ind1": "0",
        "ind2": "0",
        "subfields": [
          {
            "a": "016.919"
          },
          {
            "b": "TAY"
          }
        ]
      }
    },
    {
      "049": {
        "ind1": "\\",
        "ind2": "\\",
        "subfields": [
          {
            "a": "NYRV"
          }
        ]
      }
    },
    {
      "100": {
        "ind1": "1",
        "ind2": "\\",
        "subfields": [
          {
            "a": "Taylor, C. R. H."
          },
          {
            "q": "(Clyde Romer Hughes),"
          },
          {
            "d": "1905-1997."
          }
        ]
      }
    },
    {
      "245": {
        "ind1": "1",
        "ind2": "2",
        "subfields": [
          {
            "a": "A Pacific bibliography :"
          },
          {
            "b": "printed matter relating to the native peoples of Polynesia, Melanesia, and Micronesia /"
          },
          {
            "c": "by C.R.H. Taylor."
          }
        ]
      }
    },
    {
      "250": {
        "ind1": "\\",
        "ind2": "\\",
        "subfields": [
          {
            "a": "2d ed."
          }
        ]
      }
    },
    {
      "260": {
        "ind1": "\\",
        "ind2": "\\",
        "subfields": [
          {
            "a": "Oxford :"
          },
          {
            "b": "Clarendon Press,"
          },
          {
            "c": "1965."
          }
        ]
      }
    },
    {
      "300": {
        "ind1": "\\",
        "ind2": "\\",
        "subfields": [
          {
            "a": "xxx, 692 pages :"
          },
          {
            "b": "folded map,"
          },
          {
            "c": "24 cm"
          }
        ]
      }
    },
    {
      "336": {
        "ind1": "\\",
        "ind2": "\\",
        "subfields": [
          {
            "a": "text"
          },
          {
            "b": "txt"
          },
          {
            "2": "rdacontent"
          }
        ]
      }
    },
    {
      "337": {
        "ind1": "\\",
        "ind2": "\\",
        "subfields": [
          {
            "a": "unmediated"
          },
          {
            "b": "n"
          },
          {
            "2": "rdamedia"
          }
        ]
      }
    },
    {
      "338": {
        "ind1": "\\",
        "ind2": "\\",
        "subfields": [
          {
            "a": "volume"
          },
          {
            "b": "nc"
          },
          {
            "2": "rdacarrier"
          }
        ]
      }
    },
    {
      "651": {
        "ind1": "\\",
        "ind2": "0",
        "subfields": [
          {
            "a": "Islands of the Pacific"
          },
          {
            "v": "Bibliography."
          }
        ]
      }
    },
    {
      "650": {
        "ind1": "\\",
        "ind2": "0",
        "subfields": [
          {
            "a": "Ethnology"
          },
          {
            "z": "Islands of the Pacific"
          },
          {
            "v": "Bibliography."
          }
        ]
      }
    },
    {
      "650": {
        "ind1": "\\",
        "ind2": "7",
        "subfields": [
          {
            "a": "Ethnology."
          },
          {
            "2": "fast"
          },
          {
            "0": "(OCoLC)fst00916106"
          }
        ]
      }
    },
    {
      "651": {
        "ind1": "\\",
        "ind2": "7",
        "subfields": [
          {
            "a": "Pacific Ocean"
          },
          {
            "z": "Islands of the Pacific."
          },
          {
            "2": "fast"
          },
          {
            "0": "(OCoLC)fst01244201"
          }
        ]
      }
    },
    {
      "655": {
        "ind1": "\\",
        "ind2": "7",
        "subfields": [
          {
            "a": "Bibliographies."
          },
          {
            "2": "fast"
          },
          {
            "0": "(OCoLC)fst01919895"
          }
        ]
      }
    },
    {
      "776": {
        "ind1": "0",
        "ind2": "8",
        "subfields": [
          {
            "i": "Online version:"
          },
          {
            "a": "Taylor, C.R.H. (Clyde Romer Hughes), 1905-"
          },
          {
            "t": "Pacific bibliography."
          },
          {
            "b": "2d ed."
          },
          {
            "d": "Oxford, Clarendon Press, 1965"
          },
          {
            "w": "(OCoLC)647038978"
          }
        ]
      }
    },
    {
      "999": {
        "ind1": "\\",
        "ind2": "\\",
        "subfields": [
          {
            "a": "00000000016625"
          }
        ]
      }
    },
    {
      "994": {
        "ind1": "\\",
        "ind2": "\\",
        "subfields": [
          {
            "a": "C0"
          },
          {
            "b": "NYRVC"
          }
        ]
      }
    }
  ]
}